@inproceedings{chulani2003metrics,
  title={Metrics for managing customer view of software quality},
  author={Chulani, Sunita and Ray, Bonnier and Santhanam, Padmanabhan and Leszkowicz, R},
  booktitle={Software Metrics Symposium, 2003. Proceedings. Ninth International},
  pages={189--198},
  year={2003},
  organization={IEEE}
}

@article{daskalantonakis1992practical,
  title={A practical view of software measurement and implementation experiences within Motorola},
  author={Daskalantonakis, Michael K},
  journal={Software Engineering, IEEE Transactions on},
  volume={18},
  number={11},
  pages={998--1010},
  year={1992},
  publisher={IEEE}
}

@article{kan1994software,
  title={Software quality: an overview from the perspective of total quality management},
  author={Kan, SH and Basili, Victor R. and Shapiro, Larry N},
  journal={IBM Systems Journal},
  volume={33},
  number={1},
  pages={4--19},
  year={1994},
  publisher={IBM}
}

@inproceedings{chulani2001deriving,
  title={Deriving a Software Quality View from Customer Satisfaction and Service Data},
  author={Chulani, Sunita and Santhanam, P and Moore, Darrell and Leszkowicz, Bob and Davidson, Gary},
  booktitle={In Proceedings of ESCOM 2001. Published on the internet, URL http://www. escom. co. uk/conference2001},
  year={2001},
  organization={Citeseer}
}

@inproceedings{buckley1995discovering,
  title={Discovering relationships between service and customer satisfaction},
  author={Buckley, Michael and Chillarege, Ram},
  booktitle={Software Maintenance, 1995. Proceedings., International Conference on},
  pages={192--201},
  year={1995},
  organization={IEEE}
}