@book{safeware,
  title={SafeWare: System Safety and Computers},
  author={Leveson, N.},
  isbn={9780201119725},
  lccn={94019779},
  series={Computer Science and Electrical Engineering Series},
  url={http://books.google.com.au/books?id=ZrZQAAAAMAAJ},
  year={1995},
  publisher={Addison-Wesley}
}

@article{leveson1993investigation,
  title={An investigation of the {T}herac-25 accidents},
  author={Leveson, Nancy G and Turner, Clark S},
  journal={Computer},
  volume={26},
  number={7},
  pages={18--41},
  year={1993},
  publisher={IEEE}
}

@inproceedings{jordan2006standard,
  title={Standard {IEC 62304}-Medical device software-Software lifecycle processes},
  author={Jordan, Peter},
  booktitle={Software for Medical Devices, 2006. The Institution of Engineering and Technology Seminar on},
  pages={41--47},
  year={2006},
  organization={IET}
}

@article{israelski2004human,
  title={Human factors risk management as a way to improve medical device safety: a case study of the therac 25 radiation therapy system},
  author={Israelski, Edmond W and Muto, William H},
  journal={Joint Commission Journal on Quality and Patient Safety},
  volume={30},
  number={12},
  pages={689--695},
  year={2004},
  publisher={Joint Commission Resources}
}

@article{zhivich2009real,
  title={The real cost of software errors},
  author={Zhivich, Michael and Cunningham, Robert K},
  year={2009},
  publisher={Institute of Electrical and Electronics Engineers (IEEE)}
}

@article{besnard2003human,
  title={Human compensations for undependable systems},
  author={Besnard, Denis and Baxter, Gordon and others},
  year={2003}
}

@article{kopec2007failures,
  title={Failures in complex systems: case studies, causes, and possible remedies},
  author={Kopec, Danny and Tamang, Suzanne},
  journal={ACM SIGCSE Bulletin},
  volume={39},
  number={2},
  pages={180--184},
  year={2007},
  publisher={ACM}
}

@article{johnson2002forensic,
  title={Forensic software engineering: are software failures symptomatic of systemic problems?},
  author={Johnson, Chris},
  journal={Safety science},
  volume={40},
  number={9},
  pages={835--847},
  year={2002},
  publisher={Elsevier}
}


@article{dunn2003designing,
  title={Designing safety-critical computer systems},
  author={Dunn, William R},
  journal={Computer},
  volume={36},
  number={11},
  pages={40--46},
  year={2003},
  publisher={IEEE}
}

@article{nolan2000system,
  title={System changes to improve patient safety},
  author={Nolan, Thomas W},
  journal={BMJ: British Medical Journal},
  volume={320},
  number={7237},
  pages={771},
  year={2000},
  publisher={BMJ Group}
}

@article{lin2001patient,
  title={Patient safety, potential adverse drug events, and medical device design: a human factors engineering approach},
  author={Lin, Laura and Vicente, Kim J and Doyle, D John},
  journal={Journal of biomedical informatics},
  volume={34},
  number={4},
  pages={274--284},
  year={2001},
  publisher={Elsevier}
}

@article{obradovich1996users,
  title={Users as Designers: How People Cope with Poor HCI Design in Computer-Based Medical Devices},
  author={Obradovich, Jodi Heintz and Woods, David D},
  journal={Human Factors: The Journal of the Human Factors and Ergonomics Society},
  volume={38},
  number={4},
  pages={574--592},
  year={1996},
  publisher={SAGE Publications}
}

@incollection{mc2012medical,
  title={Medical Device Software Traceability},
  author={Mc Caffery, Fergal and Casey, Valentine and Sivakumar, MS and Coleman, Gerry and Donnelly, Peter and Burton, John},
  booktitle={Software and Systems Traceability},
  pages={321--339},
  year={2012},
  publisher={Springer}
}

@incollection{mchugh2012barriers,
  title={Barriers to adopting agile practices when developing medical device software},
  author={McHugh, Martin and McCaffery, Fergal and Casey, Valentine},
  booktitle={Software Process Improvement and Capability Determination},
  pages={141--147},
  year={2012},
  publisher={Springer}
}

@inproceedings{jacky1991safety,
  title={Safety-critical computing: hazards, practices, standards, and regulation},
  author={Jacky, Jonathan},
  booktitle={Computerization and controversy},
  pages={612--631},
  year={1991},
  organization={Academic Press Professional, Inc.},
  url={http://staff.washington.edu/jon/pubs/safety-critical.html}
}

@book{johnson2006failure,
  title={Failure in Safety-Critical Systems: A Handbook of Accident and Incident Reporting},
  author={Johnson, C.W.),
  isbn={0852617844},
  year={2003},
  publisher={University of Glasgow Press}
}

@article{brown2000overview,
  title={Overview of IEC 61508. Design of electrical/electronic/programmable electronic safety-related systems},
  author={Brown, Simon},
  journal={Computing \& Control Engineering Journal},
  volume={11},
  number={1},
  pages={6--12},
  year={2000},
  publisher={IET}
}

@inproceedings{burton2006risk,
  title={A risk management capability model for use in medical device companies},
  author={Burton, John and McCaffery, Fergal and Richardson, Ita},
  booktitle={Proceedings of the 2006 international workshop on Software quality},
  pages={3--8},
  year={2006},
  organization={ACM}
}

@article{rakitin2006coping,
  title={Coping with defective software in medical devices},
  author={Rakitin, R},
  journal={Computer},
  volume={39},
  number={4},
  pages={40--45},
  year={2006},
  publisher={IEEE}
}

@Misc{fda2010device,
  author =       {{United States of America Food and Drug Administration}},
  title =        {Transcript of Public Meeting - Device Improvements to Reduce the Number of Under-Doses, Over-Doses, and Misaligned Exposures From Therapeutic Radiation},
  year =         {2010},
  month =        {June},
  note =         {Accessed: 2014-09-21, URL: \url{http://www.fda.gov/downloads/medicaldevices/newsevents/workshopsconferences/ucm224586.pdf}},
url ={http://www.fda.gov/downloads/medicaldevices/newsevents/workshopsconferences/ucm224586.pdf},
}