@book{safeware,
  title={SafeWare: System Safety and Computers},
  author={Leveson, N.},
  isbn={9780201119725},
  lccn={94019779},
  series={Computer Science and Electrical Engineering Series},
  url={http://books.google.com.au/books?id=ZrZQAAAAMAAJ},
  year={1995},
  publisher={Addison-Wesley}
}
