@incollection{huhn2010arguing,
  title={Arguing for software quality in an {IEC 62304} compliant development process},
  author={Huhn, Michaela and Zechner, Axel},
  booktitle={Leveraging Applications of Formal Methods, Verification, and Validation},
  pages={296--311},
  year={2010},
  publisher={Springer}
}

@article{huff1996unintentional,
 author = {Huff, Chuck},
 title = {Unintentional Power in the Design of Computer Systems},
 journal = {SIGCAS Comput. Soc.},
 issue_date = {Dec. 1996},
 volume = {26},
 number = {4},
 month = dec,
 year = {1996},
 issn = {0095-2737},
 pages = {6--9},
 numpages = {4},
 url = {http://doi.acm.org/10.1145/242889.242890},
 doi = {10.1145/242889.242890},
 acmid = {242890},
 publisher = {ACM},
 address = {New York, NY, USA},
} 

@article{jacky1990inside,
  title={Inside risks: Risks in medical electronics},
  author={Jacky, Jonathan},
  journal={Communications of the ACM},
  volume={33},
  num`ber={12},
  pages={138},
  year={1990},
  publisher={ACM}
}

@inproceedings{thimbleby2007internalist,
  title={Internalist and externalist HCI},
  author={Thimbleby, Harold and Thimbleby, Will},
  booktitle={Proceedings of the 21st British HCI Group Annual Conference on People and Computers: HCI... but not as we know it-Volume 2},
  pages={111--114},
  year={2007},
  organization={British Computer Society}
}

@article{patton2003facilitation,
  title={Facilitation of radiotherapeutic error by computerized record and verify systems},
  author={Patton, Gregory A and Gaffney, David K and Moeller, John H},
  journal={International Journal of Radiation Oncology* Biology* Physics},
  volume={56},
  number={1},
  pages={50--57},
  year={2003},
  publisher={Elsevier}
}

@article{bennett1996software,
  title={Software evolution: past, present and future},
  author={Bennett, Keith},
  journal={Information and software technology},
  volume={38},
  number={11},
  pages={673--680},
  year={1996},
  publisher={Elsevier}
}